<?xml version="1.0" encoding="UTF-8"?><record xmlns="http://www.loc.gov/MARC21/slim" xmlns:cinclude="http://apache.org/cocoon/include/1.0" xmlns:zs="http://www.loc.gov/zing/srw/">
  <leader>00407nz  a2200133n  4500</leader>
  <controlfield tag="001">n 2010184293</controlfield>
  <controlfield tag="003">DLC</controlfield>
  <controlfield tag="005">20101023075353.0</controlfield>
  <controlfield tag="008">101022n| acannaabn          |n ana      </controlfield>
  <datafield tag="010" ind1=" " ind2=" ">
    <subfield code="a">n 2010184293</subfield>
  </datafield>
  <datafield tag="035" ind1=" " ind2=" ">
    <subfield code="a">(DNLM)1480339</subfield>
  </datafield>
  <datafield tag="040" ind1=" " ind2=" ">
    <subfield code="a">DNLM</subfield>
    <subfield code="b">eng</subfield>
    <subfield code="c">DNLM</subfield>
  </datafield>
  <datafield tag="110" ind1="2" ind2=" ">
    <subfield code="a">Sociedad Española de Parasitología</subfield>
  </datafield>
  <datafield tag="670" ind1=" " ind2=" ">
    <subfield code="a">Research and reviews in parasitology, Dec. 2007:</subfield>
    <subfield code="b">t.p. (Sociedad Española de Parasitología)</subfield>
  </datafield>
</record>